%% This BibTeX bibliography file was created using BibDesk.
%% http://bibdesk.sourceforge.net/


%% Created for Dömötör Gulyás at 2013-04-28 19:41:44 +0200 


%% Saved with string encoding Unicode (UTF-8) 



@url{mfr,
	Author = {{Moldflow Plastics Labs}},
	Date-Added = {2013-04-28 17:40:20 +0000},
	Date-Modified = {2013-04-28 17:41:43 +0000},
	Keywords = {pla},
	Title = {Moldflow Material Testing Report MAT2238},
	Url = {http://www.natureworksllc.com/~/media/Technical_Resources/Properties_Documents/PropertiesDocument_7000DMoldFlowReport_pdf.pdf}}

@techreport{mirela,
	Author = {Mirela Tanase and Remco C. Veltkamp},
	Date-Added = {2013-04-09 22:45:06 +0000},
	Date-Modified = {2013-04-28 14:24:45 +0000},
	Institution = {Institute of Information \& Computing Sciences, Utrecht University, The Netherlands},
	Keywords = {medial axis, straight skeleton},
	Title = {A Straight Skeleton Approximating the Medial Axis},
	Url = {https://cs.uwaterloo.ca/~alubiw/esa04.pdf},
	Year = {2004},
	Bdsk-Url-1 = {https://cs.uwaterloo.ca/~alubiw/esa04.pdf}}

@inproceedings{ski,
	Author = {Petr Felkel and {\v S}t{\v e}p{\'a}n Obdr{\v z}{\'a}lek},
	Booktitle = {SCCG 98: Proceedings of the 14th Spring Conference on Computer Graphics, Budmerice, Slovakia},
	Date-Added = {2013-04-03 16:30:29 +0000},
	Date-Modified = {2013-04-03 16:50:52 +0000},
	Editor = {L{\'a}szl{\'o} Szirmay-Kalos},
	Isbn = {80-223-0837-4},
	Pages = {210-218},
	Publisher = {Comenius University, Bratislava},
	Title = {Straight Skeleton Implementation},
	Url = {http://www.dma.fi.upm.es/mabellanas/tfcs/skeleton/html/documentacion/Straight%20Skeletons%20Implementation.pdf},
	Year = {1998},
	Bdsk-Url-1 = {http://www.dma.fi.upm.es/mabellanas/tfcs/skeleton/html/documentacion/Straight%20Skeletons%20Implementation.pdf}}

@misc{sk-seminar,
	Author = {Lavinia Dinu},
	Date-Added = {2013-04-03 16:27:25 +0000},
	Date-Modified = {2013-04-03 16:29:42 +0000},
	Title = {Straight Sekeleton},
	Url = {http://www.mpi-inf.mpg.de/departments/d1/teaching/ss10/Seminar_CGGC/Slides/09_Dinu_SSke.pdf},
	Year = {2009},
	Bdsk-Url-1 = {http://www.mpi-inf.mpg.de/departments/d1/teaching/ss10/Seminar_CGGC/Slides/09_Dinu_SSke.pdf}}

@mastersthesis{acmg,
	Author = {Lie Yan},
	Date-Added = {2013-04-03 16:20:41 +0000},
	Date-Modified = {2013-04-03 16:21:54 +0000},
	Keywords = {motorcycle},
	Month = {12},
	School = {King Abdullah University of Science and Technology},
	Title = {Algorithms for Computing Motorcycle Graphs},
	Url = {http://archive.kaust.edu.sa/kaust/bitstream/10754/264693/1/Lie%20Yan%20Thesis.pdf},
	Year = {2012},
	Bdsk-Url-1 = {http://archive.kaust.edu.sa/kaust/bitstream/10754/264693/1/Lie%20Yan%20Thesis.pdf}}

@techreport{mgass,
	Author = {Sui-Wing Cheng and Antoine Vigneron},
	Date-Added = {2013-04-03 16:17:53 +0000},
	Date-Modified = {2013-04-28 14:25:34 +0000},
	Institution = {Dept. of Computer Science, Hong Kong University of Science \& Technology},
	Keywords = {motorcycle, skeleton},
	Month = {11},
	Title = {Motorcycle Graphs and Straight Skeletons},
	Url = {http://www.cs.ust.hk/~scheng/pub/motorpub.pdf},
	Year = {2001},
	Bdsk-Url-1 = {http://www.cs.ust.hk/~scheng/pub/motorpub.pdf}}

@webpage{jeff-cycles,
	Author = {Jeff Erickson},
	Date-Added = {2013-04-03 16:07:50 +0000},
	Date-Modified = {2013-04-03 16:43:05 +0000},
	Keywords = {motorcycle},
	Lastchecked = {03.04.2013},
	Month = {02},
	Title = {Crashing Motorcycles Efficiently},
	Url = {http://www.cs.uiuc.edu/~jeffe/open/cycles.html},
	Year = {1998},
	Bdsk-Url-1 = {http://www.cs.uiuc.edu/~jeffe/open/cycles.html}}

@misc{huber-eurogc,
	Author = {Stefan Huber and Martin Held},
	Date-Added = {2013-04-03 16:03:14 +0000},
	Date-Modified = {2013-04-03 16:14:01 +0000},
	Keywords = {motorcycle},
	Lastchecked = {03.04.2013},
	Month = {03},
	Title = {An Approach to Computing Motorcycle Graphs},
	Url = {http://www.sthu.org/research/publications/files/eurocg09-slides.pdf},
	Year = {2009},
	Bdsk-Url-1 = {http://www.sthu.org/research/publications/files/eurocg09-slides.pdf}}
